<?xml version="1.0" encoding="UTF-8"?>
<record xmlns="http://www.loc.gov/MARC21/slim">
  <leader>03099ntm a22004217a 4500</leader>
  <controlfield tag="001">3283197</controlfield>
  <controlfield tag="005">20090328003100.0</controlfield>
  <controlfield tag="008">090115s1839    xx            000 i eng d</controlfield>
  <datafield tag="033" ind1="0" ind2="0">
    <subfield code="a">18390131</subfield>
  </datafield>
  <datafield tag="035" ind1=" " ind2=" ">
    <subfield code="a">3283197</subfield>
  </datafield>
  <datafield tag="040" ind1=" " ind2=" ">
    <subfield code="a">BRL</subfield>
  </datafield>
  <datafield tag="099" ind1=" " ind2=" ">
    <subfield code="a">Ms.A.9.2 v.11, p.36</subfield>
  </datafield>
  <datafield tag="100" ind1="1" ind2=" ">
    <subfield code="a">Weston, Anne Warren,</subfield>
    <subfield code="d">1812-1890.</subfield>
  </datafield>
  <datafield tag="245" ind1="1" ind2="0">
    <subfield code="a">[Letter to] Dearest Deborah</subfield>
    <subfield code="h">[manuscript].</subfield>
  </datafield>
  <datafield tag="260" ind1=" " ind2=" ">
    <subfield code="a">Groton,</subfield>
    <subfield code="c">Jan. 31, 1839.</subfield>
  </datafield>
  <datafield tag="300" ind1=" " ind2=" ">
    <subfield code="a">1 leaf (4 p.) ;</subfield>
    <subfield code="c">9 7/8 x 7 3/4 in.</subfield>
  </datafield>
  <datafield tag="500" ind1=" " ind2=" ">
    <subfield code="a">Holograph, signed.</subfield>
  </datafield>
  <datafield tag="500" ind1=" " ind2=" ">
    <subfield code="a">Anne Warren Weston has had the satisfaction of finding Amos Farnsworth as true as ever. &quot;He only felt as if a very false move had been made when the little paper [The Abolitionist?] had been given up.&quot; She describes her life in Groton, visits made and received, church attendance, etc. Wendell Phillips arrived from Townsend. &quot;There was a large audience for Groton &amp; Wendell lectured beautifully. Parts of his address were charming; oh I do love Wendell.&quot; Anne announces the arrival of &quot;the jug!&quot; [Anne copies Harriet Martineau&apos;s description of Maria Weston Chapman from &quot;the jug.&quot; &quot;The jug&quot; is evidently a nickname for Harriet Martineau&apos;s article &quot;Martyr Age of the United States&quot; in the Westminister Review, December 1838.] Maria&apos;s beauty is highly extolled...It is a fine stirring articles only too much adulation of Dr. [William Ellery] Channing. The principal thing I am sorry for is where Garrison is represented as turning pale at the sight of Dr. Channing.&quot; She reports the death of Asa Hunt. Anne describes &quot;a long and very delightful call&quot; on Margaret Fuller, who read to her part of a letter from Harriet Martineau, telling about a little coloured girl from New Orleans whom she is going to adopt; also about her novel. Margaret Fuller &quot;said that the publication of Society in America had lowered her [Harriet Martineau] in her mind.&quot; Anne tells about a letter received by Dr. Farnsworth from William Lawrence Chaplin, saying that Gerrit Smith has had a letter from Amos A. Phelps &quot;proposing to form a new political party, but that the porposition had met with no favor save from Alvan Stewart.&quot;</subfield>
  </datafield>
  <datafield tag="500" ind1=" " ind2=" ">
    <subfield code="a">There is cross-writing on three pages of this letter.</subfield>
  </datafield>
  <datafield tag="600" ind1="1" ind2="0">
    <subfield code="a">Weston, Anne Warren,</subfield>
    <subfield code="d">1812-1890</subfield>
    <subfield code="v">Correspondence.</subfield>
  </datafield>
  <datafield tag="600" ind1="1" ind2="0">
    <subfield code="a">Weston, Deborah</subfield>
    <subfield code="d">b. 1814.</subfield>
    <subfield code="v">Correspondence.</subfield>
  </datafield>
  <datafield tag="600" ind1="1" ind2="0">
    <subfield code="a">Farnsworth, Amos,</subfield>
    <subfield code="d">1788-1861.</subfield>
  </datafield>
  <datafield tag="600" ind1="1" ind2="0">
    <subfield code="a">Phillips, Wendell,</subfield>
    <subfield code="d">1811-1884.</subfield>
  </datafield>
  <datafield tag="600" ind1="1" ind2="0">
    <subfield code="a">Chapman, Maria Weston,</subfield>
    <subfield code="d">1806-1885.</subfield>
  </datafield>
  <datafield tag="600" ind1="1" ind2="0">
    <subfield code="a">Channing, William Ellery,</subfield>
    <subfield code="d">1780-1842.</subfield>
  </datafield>
  <datafield tag="600" ind1="1" ind2="0">
    <subfield code="a">Hunt, Asa.</subfield>
  </datafield>
  <datafield tag="600" ind1="1" ind2="0">
    <subfield code="a">Martineau, Harriet,</subfield>
    <subfield code="d">1802-1876.</subfield>
  </datafield>
  <datafield tag="600" ind1="1" ind2="0">
    <subfield code="a">Fuller, Margaret,</subfield>
    <subfield code="d">1810-1850.</subfield>
  </datafield>
  <datafield tag="600" ind1="1" ind2="0">
    <subfield code="a">Smith, Gerrit,</subfield>
    <subfield code="d">1797-1874.</subfield>
  </datafield>
  <datafield tag="600" ind1="1" ind2="0">
    <subfield code="a">Phelps, Amos A.</subfield>
    <subfield code="q">(Amos Augustus),</subfield>
    <subfield code="d">1805-1847.</subfield>
  </datafield>
  <datafield tag="600" ind1="0" ind2="0">
    <subfield code="a">Abolitionist.</subfield>
  </datafield>
  <datafield tag="650" ind1=" " ind2="0">
    <subfield code="a">Antislavery movements</subfield>
    <subfield code="z">United States</subfield>
    <subfield code="x">History</subfield>
    <subfield code="y">19th century.</subfield>
  </datafield>
  <datafield tag="650" ind1=" " ind2="0">
    <subfield code="a">Women abolitionists</subfield>
    <subfield code="z">Massachusetts</subfield>
    <subfield code="z">Boston</subfield>
    <subfield code="y">19th century</subfield>
    <subfield code="v">Correspondence.</subfield>
  </datafield>
  <datafield tag="655" ind1=" " ind2="0">
    <subfield code="a">Letters.</subfield>
  </datafield>
  <datafield tag="655" ind1=" " ind2="0">
    <subfield code="a">Manuscripts.</subfield>
  </datafield>
  <datafield tag="700" ind1="1" ind2=" ">
    <subfield code="a">Weston, Deborah,</subfield>
    <subfield code="d">b.1814</subfield>
    <subfield code="e">recipient.</subfield>
  </datafield>
  <datafield tag="830" ind1=" " ind2="0">
    <subfield code="a">Anne Warren Weston Correspondence (1834-1886)</subfield>
  </datafield>
  <datafield tag="999" ind1=" " ind2=" ">
    <subfield code="a">shots: 4</subfield>
  </datafield>
</record>
